@misc{ARFF,
  title        = {Attribute-Relation File Format explanation},
  howpublished = {\url{https://www.cs.waikato.ac.nz/ml/weka/arff.html}},
  note         = {Accessed: 2021-02-21}
}
@online{bearingData,
  title     = {Bearing Degradation Simulation Data Set},
  author    = {Center for Intelligent Maintenance Systems (IMS), University of Cincinnati},
  publisher = {NASA Ames Research Center, Moffett Field, CA},
  volume    = {NASA Ames Prognostics Data Repository},
  url       = {http://ti.arc.nasa.gov/project/prognostic-data-repository},
  year      = {2006},
  note      = {(accessed January 16, 2021)}
}
@inproceedings{cmapssData,
  title     = {Turbofan Engine Degradation Simulation Data Set},
  author    = {A. Saxena and K. Goebelt},
  publisher = {NASA Ames Research Center, Moffett Field, CA},
  volume    = {NASA Ames Prognostics Data Repository},
  url       = {http://ti.arc.nasa.gov/project/prognostic-data-repository},
  year      = {2008},
  note      = {(accessed May 20, 2020)}
}
@online{gitWorkflow,
  title     = {Git Workflow},
  publisher = {ATLASSIAN},
  author    = {Bitbucket},
  url       = {https://www.atlassian.com/git/tutorials/comparing-workflows/gitflow-workflow},
  year      = {2021},
  note      = {(accessed March 22, 2021)}
}
